@article{DBLP:journals/corr/abs-2007-12652,
  author    = {Emir Demirovic and
               Anna Lukina and
               Emmanuel Hebrard and
               Jeffrey Chan and
               James Bailey and
               Christopher Leckie and
               Kotagiri Ramamohanarao and
               Peter J. Stuckey},
  title     = {MurTree: Optimal Classification Trees via Dynamic Programming and
               Search},
  journal   = {CoRR},
  volume    = {abs/2007.12652},
  year      = {2020},
  url       = {https://arxiv.org/abs/2007.12652},
  archivePrefix = {arXiv},
  eprint    = {2007.12652},
  timestamp = {Wed, 29 Jul 2020 15:36:39 +0200},
  biburl    = {https://dblp.org/rec/journals/corr/abs-2007-12652.bib},
  bibsource = {dblp computer science bibliography, https://dblp.org}
}
a service of Schloss Dagstuhl - Leibniz Center for Informatics	homebrowsesearchabout


@InProceedings{dl85,
  title={Learning Optimal Decision Trees Using Caching Branch-and-Bound Search},
  author={Aglin, Ga{\"e}l and Nijssen, Siegfried and Schaus, Pierre},
  year={2020},
    booktitle = {Proceedings of AAAA-20},
}

@InProceedings{avellanedaefficient,
  title={Efficient Inference of Optimal Decision Trees},
  author={Avellaneda, Florent},
  year={2020},
  booktitle = {Proceedings of AAAI-20},
}

@inproceedings{dl8,
  title={Mining optimal decision trees from itemset lattices},
  author={Nijssen, Siegfried and Fromont, Elisa},
  booktitle={Proceedings of SIGKDD-07},
  pages={530--539},
  year={2007},
}

@article{bertsimas2017optimal,
  title={Optimal classification trees},
  author={Bertsimas, Dimitris and Dunn, Jack},
  journal={Machine Learning},
  volume={106},
  number={7},
  pages={1039--1082},
  year={2017},
  publisher={Springer}
}

@inproceedings{verwer2019learning,
  title={Learning optimal classification trees using a binary linear program formulation},
  author={Verwer, Sicco and Zhang, Yingqian},
  booktitle={Proceedings of AAAI-19},
  volume={33},
  pages={1625--1632},
  year={2019}
}

@inproceedings{verwer2017learning,
  title={Learning decision trees with flexible constraints and objectives using integer optimization},
  author={Verwer, Sicco and Zhang, Yingqian},
  booktitle={Proceedings of CPAIOR-17},
  pages={94--103},
  year={2017},
  organization={Springer}
}

@inproceedings{aghaei2019learning,
  title={Learning optimal and fair decision trees for non-discriminative decision-making},
  author={Aghaei, Sina and Azizi, Mohammad Javad and Vayanos, Phebe},
  booktitle={Proceedings of AAAI-19},
  volume={33},
  pages={1418--1426},
  year={2019}
}

@inproceedings{verhaeghe2019learning,
  title={Learning optimal decision trees using constraint programming},
  author={Verhaeghe, H{\'e}lene and Nijssen, Siegfried and Pesant, Gilles and Quimper, Claude-Guy and Schaus, Pierre},
  booktitle={Proceedings of CP-19},
  year={2019}
}

@article{zharmagambetov2019experimental,
  title={An Experimental Comparison of Old and New Decision Tree Algorithms},
  author={Zharmagambetov, Arman and Hada, Suryabhan Singh and Carreira-Perpi{\~n}{\'a}n, Miguel {\'A}},
  journal={arXiv preprint arXiv:1911.03054},
  year={2019}
}

@article{aghaei2020learning,
  title={Learning Optimal Classification Trees: Strong Max-Flow Formulations},
  author={Aghaei, Sina and Gomez, Andres and Vayanos, Phebe},
  journal={arXiv preprint arXiv:2002.09142},
  year={2020}
}

@inproceedings{narodytska2018learning,
  title={Learning Optimal Decision Trees with {SAT}},
  author={Narodytska, Nina and Ignatiev, Alexey and Pereira, Filipe and Marques-Silva, Joao},
  booktitle={Proceedings of IJCAI-18},
  pages={1362--1368},
  year={2018}
}

@inproceedings{DBLP:conf/ijcai/FayyadI93,
  author    = {Usama M. Fayyad and
               Keki B. Irani},
  editor    = {Ruzena Bajcsy},
  title     = {Multi-Interval Discretization of Continuous-Valued Attributes for
               Classification Learning},
  booktitle = {Proceedings of IJCAI'93},
  year      = {1993}
}

@article{NPhardTrees,
  title={Constructing optimal binary decision trees is {NP}-complete},
  author={Laurent, Hyafil and Rivest, Ronald L},
  journal={Information Processing Letters},
  volume={5},
  number={1},
  pages={15--17},
  year={1976}
}

@article{breiman1984classification,
  title={Classification and regression trees},
  publisher = {Wadsworth \& Brooks},
  author={Breiman, Leo and Friedman, JH and Olshen, RA and Stone, CJ},
  journal={Cole Statistics/Probability Series},
  year={1984}
}

%%%%%%%%%%%%%% DT for controllers %%%%%%%%%%%%%
@article{ashok2020dtcontrol,
  title={dtControl: decision tree learning algorithms for controller representation},
  author={Ashok, Pranav and Jackermeier, Mathias and Jagtap, Pushpak and K{\v{r}}et{\'\i}nsk{\`y}, Jan and Weininger, Maximilian and Zamani, Majid},
  journal={arXiv preprint arXiv:2002.04991},
  year={2020}
}

@inproceedings{bastani2018verifiable,
  title={Verifiable reinforcement learning via policy extraction},
  author={Bastani, Osbert and Pu, Yewen and Solar-Lezama, Armando},
  booktitle={Advances in Neural Information Processing Systems},
  pages={2494--2504},
  year={2018}
}

@inproceedings{hu2019optimal,
  title={Optimal sparse decision trees},
  author={Hu, Xiyang and Rudin, Cynthia and Seltzer, Margo},
  booktitle={Advances in Neural Information Processing Systems},
  pages={7265--7273},
  year={2019}
}

@article{bertsimas2007classification,
  title={Classification and regression via integer optimization},
  author={Bertsimas, Dimitris and Shioda, Romy},
  journal={Operations Research},
  volume={55},
  number={2},
  pages={252--271},
  year={2007},
  publisher={INFORMS}
}

@article{10.1023/A:1022643204877,
author = {Quinlan, J. R.},
title = {Induction of Decision Trees},
year = {1986},
issue_date = {March 1986},
publisher = {Kluwer Academic Publishers},
address = {USA},
volume = {1},
number = {1},
issn = {0885-6125},
url = {https://doi.org/10.1023/A:1022643204877},
doi = {10.1023/A:1022643204877},
abstract = {The technology for building knowledge-based systems by inductive inference from examples has been demonstrated successfully in several practical applications. This paper summarizes an approach to synthesizing decision trees that has been used in a variety of systems, and it describes one such system, ID3, in detail. Results from recent studies show ways in which the methodology can be modified to deal with information that is noisy and/or incomplete. A reported shortcoming of the basic algorithm is discussed and two means of overcoming it are compared. The paper concludes with illustrations of current research directions.},
journal = {Mach. Learn.},
month = mar,
pages = {81–106},
numpages = {26},
keywords = {expert systems, induction, classification, knowledge acquisition, information theory, decision trees}
}

@book{c4-5,
 author = {Ross Quinlan},
 title = {C4.5: Programs for Machine Learning},
 publisher = {Kaufmann},
 year = {1993},
 }
 
@article{scikit-learn,
 title={Scikit-learn: Machine Learning in {P}ython},
 author={Pedregosa, F. and Varoquaux, G. and Gramfort, A. and Michel, V.
         and Thirion, B. and Grisel, O. and Blondel, M. and Prettenhofer, P.
         and Weiss, R. and Dubourg, V. and Vanderplas, J. and Passos, A. and
         Cournapeau, D. and Brucher, M. and Perrot, M. and Duchesnay, E.},
 journal={Journal of Machine Learning Research},
 volume={12},
 pages={2825--2830},
 year={2011}
}

@misc{kim2015package,
  title={Package ‘discretization’ in CRAN-R},
  author={Kim, HyunJi},
  howpublished = "\url{https://CRAN.R-project.org/package=discretization}",
  year={2015},
  note = "[Online; accessed 21-May-2020]"
}

@article{garey1972optimal,
  title={Optimal binary identification procedures},
  author={Garey, Michael R},
  journal={SIAM Journal on Applied Mathematics},
  volume={23},
  number={2},
  pages={173--186},
  year={1972},
  publisher={SIAM}
}